@article{dissemination,
 author = {Hensgen, Debra and Finkel, Raphael and Manber, Udi},
 title = {{Two Algorithms for Barrier Synchronization}},
 journal = {Int. J. Parallel Program.},
 issue_date = {Feb. 1988},
 volume = {},
 number = {},
 month = feb,
 year = {1988},
 issn = {0885-7458},
 pages = {},
 numpages = {},
 publisher = {Kluwer Academic Publishers},
 address = {Norwell, MA, USA},
} 

@inproceedings{yelick2007productivity,
  title={Productivity and performance using partitioned global address space languages},
  author={Yelick, Katherine and Bonachea, Dan and Chen, Wei-Yu and Colella, Phillip and Datta, Kaushik and Duell, Jason and Graham, Susan L and Hargrove, Paul and Hilfinger, Paul and Husbands, Parry and others},
  booktitle={Proceedings of the 2007 international workshop on Parallel symbolic computation},
  pages={24--32},
  year={2007},
  organization={ACM}
}

@incollection{kasim2008survey,
  title={Survey on parallel programming model},
  author={Kasim, Henry and March, Verdi and Zhang, Rita and See, Simon},
  booktitle={Network and Parallel Computing},
  pages={266--275},
  year={2008},
  publisher={Springer}
}

@incollection{parallelencyclopedia,
  title={PGAS (Partitioned Global Address Space) Languages},
  author={George Almasi},
  booktitle={Encyclopedia of Parallel Computing},
  pages={1539--1545},
  year={2011},
  publisher={Springer}
}

@incollection{fortranlanguage,
  title={Fortran 90 and Its Successors},
  author={Michael Metcalf},
  booktitle={Encyclopedia of Parallel Computing},
  pages={711--718},
  year={2011},
  publisher={Springer}
}

@book{carlson1999introduction,
  title={Introduction to UPC and language specification},
  author={Carlson, William W and Draper, Jesse M and Culler, David E and Yelick, Kathy and Brooks, Eugene and Warren, Karen},
  year={1999},
  publisher={Center for Computing Sciences, Institute for Defense Analyses}
}

@article{diaz2012survey,
  title={A survey of parallel programming models and tools in the multi and many-core era},
  author={Diaz, Javier and Munoz-Caro, Camelia and Nino, Alfonso},
  journal={Parallel and Distributed Systems, IEEE Transactions on},
  volume={23},
  number={8},
  pages={1369--1386},
  year={2012},
  publisher={IEEE}
}
@book{stitt2009introduction,
  title={An introduction to the Partitioned Global Address Space (PGAS) programming model},
  author={Stitt, Tim},
  year={2009},
  publisher={Connexions, Rice University}
}

@article{loveman1993high,
  title={High performance fortran},
  author={Loveman, David B},
  journal={Parallel \& Distributed Technology: Systems \& Applications, IEEE},
  volume={1},
  number={1},
  pages={25--42},
  year={1993},
  publisher={IEEE}
}

@article{bozkus1994compiling,
  title={Compiling Fortran 90D/HPF for distributed memory MIMD computers},
  author={Bozkus, Zeki and Choudhary, Alok and Fox, Geoffrey and Haupt, Tomasz and Ranka, Sanjay and Wu, Min-You},
  journal={Journal of Parallel and Distributed Computing},
  volume={21},
  number={1},
  pages={15--26},
  year={1994},
  publisher={Elsevier}
}

@inproceedings{gupta1995hpf,
  title={An HPF compiler for the IBM SP2},
  author={Gupta, Manish and Midkiff, Sam and Schonberg, Edith and Seshadri, Ven and Shields, David and Wang, Ko-Yang and Ching, Wai-Mee and Ngo, Ton},
  booktitle={Supercomputing, 1995. Proceedings of the IEEE/ACM SC95 Conference},
  pages={71--71},
  year={1995},
  organization={IEEE}
}

@article{Kennedy2011,
 author = {Kennedy, Ken and Koelbel, Charles and Zima, Hans},
 title = {The Rise and Fall of High Performance Fortran},
 journal = {Commun. ACM},
 issue_date = {November 2011},
 volume = {54},
 number = {11},
 month = nov,
 year = {2011},
 issn = {0001-0782},
 pages = {74--82},
 numpages = {9},
 url = {http://doi.acm.org.ezproxy.lib.uh.edu/10.1145/2018396.2018415},
 doi = {10.1145/2018396.2018415},
 acmid = {2018415},
 publisher = {ACM},
 address = {New York, NY, USA},
} 

@inproceedings{numrich1998co,
  title={Co-Array Fortran for parallel programming},
  author={Numrich, Robert W and Reid, John},
  booktitle={ACM Sigplan Fortran Forum},
  volume={17},
  number={2},
  pages={1--31},
  year={1998},
  organization={ACM}
}

@inproceedings{barrett2006co,
  title={Co-array fortran experiences with finite differencing methods},
  author={Barrett, Richard},
  booktitle={The 48th Cray User Group meeting, Lugano, Italy},
  year={2006},
  organization={Citeseer}
}

@incollection{coarfa2003co,
  title={Co-array Fortran performance and potential: An NPB experimental study},
  author={Coarfa, Cristian and Dotsenko, Yuri and Eckhardt, Jason and Mellor-Crummey, John},
  booktitle={Languages and Compilers for Parallel Computing},
  pages={177--193},
  year={2003},
  publisher={Springer}
}

@techreport{caf-spec,
    Author = {Fortran Standards Committee},
    Title = {{TS 18508 Additional Parallel Features in Fortran (WG5/N2074)}},
    Year = {2015},
    Month = {August},
    Number = {}
}

@inproceedings{opencoarrays,
  title={OpenCoarrays: open-source transport layers supporting coarray Fortran compilers},
  author={Fanfarillo, Alessandro and Burnus, Tobias and Cardellini, Valeria and Filippone, Salvatore and Nagle, Dan and Rouson, Damian},
  booktitle={Proceedings of the 8th International Conference on Partitioned Global Address Space Programming Models},
  pages={4},
  year={2014},
  organization={ACM}
}

@inproceedings{dotsenko2004multi,
  title={A multi-platform co-array fortran compiler},
  author={Dotsenko, Yuri and Coarfa, Cristian and Mellor-Crummey, John},
  booktitle={Proceedings of the 13th International Conference on Parallel Architectures and Compilation Techniques},
  pages={29--40},
  year={2004},
  organization={IEEE Computer Society}
}

@inproceedings{mellor2009new,
  title={A new vision for Coarray Fortran},
  author={Mellor-Crummey, John and Adhianto, Laksono and Scherer III, William N and Jin, Guohua},
  booktitle={Proceedings of the Third Conference on Partitioned Global Address Space Programing Models},
  pages={5},
  year={2009},
  organization={ACM}
}

@article{chapman2013experiences,
  title={Experiences developing the openuh compiler and runtime infrastructure},
  author={Chapman, Barbara and Eachempati, Deepak and Hernandez, Oscar},
  journal={International Journal of Parallel Programming},
  volume={41},
  number={6},
  pages={825--854},
  year={2013},
  publisher={Springer}
}

@article{liao2007openuh,
  title={OpenUH: An optimizing, portable OpenMP compiler},
  author={Liao, Chunhua and Hernandez, Oscar and Chapman, Barbara and Chen, Wenguang and Zheng, Weimin},
  journal={Concurrency and Computation: Practice and Experience},
  volume={19},
  number={18},
  pages={2317--2332},
  year={2007},
  publisher={Wiley Online Library}
}

@article{bonachea2002gasnet,
  title={Gasnet: A portable high-performance communication layer for global address-space languages},
  author={Bonachea, Dan and Jeong, Jaein},
  journal={CS258 Parallel Computer Architecture Project, Spring},
  year={2002}
}

@article{bonachea2002gasnetspec,
  title={GASNet Specification, v1. 1},
  author={Bonachea, Dan},
  year={2002},
  publisher={University of California at Berkeley}
}

@article{EachempatiCoarray2013,
    title={A {Coarray} {Fortran} implementation to support data-intensive
        application development},
    author={Eachempati, Deepak and Richardson, Alan and Jana, Siddhartha
        and Liao, Terrence and Calandra, Henri and Chapman, Barbara},
    journal={Cluster Computing},
    volume={17},
    number={2},
    pages={569--583},
    year={2014},
    publisher={Springer}
}

@inproceedings{EachempatiCAF2010,
    author = {Eachempati, Deepak and Jun, Hyoung Joon and Chapman, Barbara},
    title = {An open-source compiler and runtime implementation for {Coarray}
        {Fortran}},
    booktitle = {Proceedings of the Fourth Conference on Partitioned Global
        Address Space Programming Model},
    series = {PGAS '10},
    year = {2010},
    isbn = {978-1-4503-0461-0},
    location = {New York, New York},
    pages = {13:1--13:8},
    articleno = {13},
    numpages = {8},
    url = {http://doi.acm.org/10.1145/2020373.2020386},
    doi = {10.1145/2020373.2020386},
    acmid = {2020386},
    publisher = {ACM},
    address = {New York, NY, USA},
    keywords = {Fortran, PGAS, coarrays, compilers},
}

@book{gropp1999using,
  title={Using MPI: portable parallel programming with the message-passing interface},
  author={Gropp, William and Lusk, Ewing and Skjellum, Anthony},
  volume={1},
  year={1999},
  publisher={MIT press}
}

@article{hirschberg1978fast,
  title={Fast parallel sorting algorithms},
  author={Hirschberg, Daniel S.},
  journal={Communications of the ACM},
  volume={21},
  number={8},
  pages={657--661},
  year={1978},
  publisher={ACM}
}

@inproceedings{chapman2010introducing,
  title={Introducing OpenSHMEM: SHMEM for the PGAS community},
  author={Chapman, Barbara and Curtis, Tony and Pophale, Swaroop and Poole, Stephen and Kuehn, Jeff and Koelbel, Chuck and Smith, Lauren},
  booktitle={Proceedings of the Fourth Conference on Partitioned Global Address Space Programming Model},
  pages={2},
  year={2010},
  organization={ACM}
}

@article{nieplocha1995global,
  title={The global array programming model for high performance scientific computing},
  author={Nieplocha, J and Harrison, RJ and Littlefield, RJ},
  journal={SIAM News},
  volume={28},
  number={7},
  pages={12--14},
  year={1995}
}

@inproceedings{nieplocha1994global,
  title={Global arrays: a portable shared-memory programming model for distributed memory computers},
  author={Nieplocha, Jaroslaw and Harrison, Robert J and Littlefield, Richard J},
  booktitle={Proceedings of the 1994 ACM/IEEE conference on Supercomputing},
  pages={340--349},
  year={1994},
  organization={IEEE Computer Society Press}
}

@techreport{hilfinger2005titanium,
  title={Titanium Language Reference Manual, version 2.19},
  author={Hilfinger, Paul N and Bonachea, Dan Oscar and Datta, Kaushik and Gay, David and Graham, Susan L and Liblit, Benjamin Robert and Pike, Geoffrey and Su, Jimmy Zhigang and Yelick, Katherine A},
  year={2005},
  institution={UC Berkeley Tech Rep. UCB/EECS-2005-15}
}

@article{charles2005x10,
  title={X10: an object-oriented approach to non-uniform cluster computing},
  author={Charles, Philippe and Grothoff, Christian and Saraswat, Vijay and Donawa, Christopher and Kielstra, Allan and Ebcioglu, Kemal and Von Praun, Christoph and Sarkar, Vivek},
  journal={Acm Sigplan Notices},
  volume={40},
  number={10},
  pages={519--538},
  year={2005},
  publisher={ACM}
}

@article{chamberlain2007parallel,
  title={Parallel programmability and the chapel language},
  author={Chamberlain, Bradford L and Callahan, David and Zima, Hans P},
  journal={International Journal of High Performance Computing Applications},
  volume={21},
  number={3},
  pages={291--312},
  year={2007},
  publisher={SAGE Publications}
}